@inproceedings{ogren-etal:2009:UIMA-GSCL,
title = {{ClearTK:} A Framework for Statistical Natural Language Processing},
booktitle = {Unstructured Information Management Architecture Workshop at the Conference of the German Society for Computational Linguistics and Language Technology},
author = {Philip V. Ogren and Philipp G. Wetzler and Steven J. Bethard},
month = {9},
year = {2009}}

@inproceedings{ogren-etal:2008:UIMA-LREC,
title = {{ClearTK}: A {UIMA} toolkit for statistical natural language processing},
booktitle = {Towards Enhanced Interoperability for Large {HLT} Systems: {UIMA} for {NLP} workshop at Language Resources and Evaluation Conference ({LREC})},
author = {Philip V. Ogren and Philipp G. Wetzler and Steven Bethard},
month = {5},
year = {2008},
url = {http://www.lrec-conf.org/proceedings/lrec2008/workshops/W16_Proceedings.pdf#page=38}}

@article{ferrucci_building_2010,
	title = {Building Watson: An Overview of the {DeepQA} Project},
	volume = {31},
	issn = {0738-4602},
	shorttitle = {Building Watson},
	url = {http://www.aaai.org/ojs/index.php/aimagazine/article/view/2303},
	doi = {10.1609/aimag.v31i3.2303},
	language = {en},
	number = {3},
	urldate = {2013-10-03},
	journal = {{AI} Magazine},
	author = {Ferrucci, David and Brown, Eric and Chu-Carroll, Jennifer and Fan, James and Gondek, David and Kalyanpur, Aditya A. and Lally, Adam and Murdock, J. William and Nyberg, Eric and Prager, John and Schlaefer, Nico and Welty, Chris},
	month = jul,
	year = {2010},
	pages = {59--79}
}